


@article{Etnyre2002,
  title = {{On symplectic cobordisms}},
  url = {\href{http://link.springer.com/article/10.1007/s002080100292}{http://link.springer.com/article/10.1007/s002080100292}},
  volume = {{323}},
  number = {1},
  journaltitle = {{Mathematische Annalen}},
  shortjournal = {{Math. Ann.}},
  author = {Etnyre, John B. and Honda, Ko},
  urldate = {2014-09-02},
  date = {2002},
  year = {2002},
  pages = {31--39},
  file = {0102162v1.pdf:/home/pruefer/.mozilla/firefox/lq80jbh4.default-1389176209061/zotero/storage/63GKC4XC/0102162v1.pdf:application/pdf}
}

@article{Cieliebak2009,
  title = {{Rabinowitz Floer homology and symplectic homology}},
  url = {\href{http://arxiv.org/abs/0903.0768}{http://arxiv.org/abs/0903.0768}},
  journaltitle = {{arXiv preprint arXiv:0903.0768}},
  shortjournal = {{ArXiv Prepr. ArXiv09030768}},
  author = {Cieliebak, Kai and Frauenfelder, Urs and Oancea, Alexandru},
  urldate = {2014-09-02},
  date = {2009},
  year = {2009},
  file = {cieliebak,frauenfelder,oancea-rabinowitz_floer_homology_and_symplectic_homology.pdf:/home/pruefer/.mozilla/firefox/lq80jbh4.default-1389176209061/zotero/storage/DHFQMIEJ/cieliebak,frauenfelder,oancea-rabinowitz_floer_homology_and_symplectic_homology.pdf:application/pdf}
}

@comment{jabref-meta: groupsversion:3;}
@comment{jabref-meta: groupstree:
0 AllEntriesGroup:;
1 ExplicitGroup:Latex\;0\;undefined\;Etnyre2002\;;
1 ExplicitGroup:Promotion\;0\;;
2 ExplicitGroup:Floer Homology\;0\;Cieliebak2009\;;
2 ExplicitGroup:Symplectic Geometry\;0\;Etnyre2002\;;
}

